<?xml version="1.0" encoding="UTF-8"?><collection xmlns="http://www.loc.gov/MARC21/slim"><record><leader>00338nam--2200109-i-4500</leader><controlfield tag="001">000026232</controlfield><controlfield tag="002">20161230</controlfield><controlfield tag="005">20161230201036</controlfield><controlfield tag="008">060222s1000------------r-----000-0-eng-d</controlfield><datafield ind1=" " ind2=" " tag="245"><subfield code="a">Instructiuni 114-63 pentru verificarea balantelor hidrostatice sistem mohr-westphal</subfield></datafield><datafield ind1=" " ind2=" " tag="260"><subfield code="a">Bucuresti, Oficiul De Stat Pt.Metrologie, 1963. 32p</subfield></datafield><datafield ind1=" " ind2=" " tag="852"><subfield code="a">9481</subfield></datafield></record></collection>